<?xml version="1.0" encoding="UTF-8"?><collection xmlns="http://www.loc.gov/MARC21/slim"><record><leader>00442nam--2200181-i-4500</leader><controlfield tag="001">000049080</controlfield><controlfield tag="002">20161230</controlfield><controlfield tag="005">20161230201047</controlfield><controlfield tag="008">060222s1000------------r-----000-0-rus-d</controlfield><datafield ind1=" " ind2=" " tag="040"><subfield code="a">IFIN-HH</subfield></datafield><datafield ind1=" " ind2=" " tag="041"><subfield code="a">rus</subfield></datafield><datafield ind1=" " ind2=" " tag="080"><subfield code="a">539.3:539.214</subfield></datafield><datafield ind1="1" ind2=" " tag="100"><subfield code="a">Akulov,N.S</subfield></datafield><datafield ind1="1" ind2="0" tag="245"><subfield code="a">Dislokacii i plastichnost</subfield><subfield code="c">N.s. akulov</subfield></datafield><datafield ind1=" " ind2=" " tag="260"><subfield code="a">Minsk</subfield><subfield code="b">Akademia Nauk Bssr</subfield><subfield code="c">1961</subfield></datafield><datafield ind1=" " ind2=" " tag="300"><subfield code="a">110 S</subfield></datafield><datafield ind1=" " ind2=" " tag="852"><subfield code="a">75237</subfield><subfield code="c">539.3</subfield></datafield><datafield ind1=" " ind2=" " tag="CAT"><subfield code="a">Sys</subfield><subfield code="c">20130123</subfield><subfield code="h">125338</subfield></datafield></record></collection>